<collection xmlns="http://www.loc.gov/MARC21/slim"><record><leader>00811nam  2200241   450</leader><controlfield tag="001">813</controlfield><controlfield tag="003">http://montalegre.opacnet.com/OPAC/default.aspx?ContentAreaControl=ShowRegHoldings.ascx&amp;RegNo=16662</controlfield><datafield tag="010" ind1=" " ind2=" "><subfield code="a">972-1-02652-2</subfield></datafield><datafield tag="021" ind1=" " ind2=" "><subfield code="a">PT</subfield><subfield code="b">22372/88</subfield></datafield><datafield tag="095" ind1=" " ind2=" "><subfield code="a">PTBN00125141</subfield></datafield><datafield tag="100" ind1=" " ind2=" "><subfield code="a">19890427d1988    m  y0pora010305  ba</subfield></datafield><datafield tag="101" ind1="1" ind2=" "><subfield code="a">por</subfield><subfield code="c">eng</subfield></datafield><datafield tag="102" ind1=" " ind2=" "><subfield code="a">PT</subfield></datafield><datafield tag="200" ind1="1" ind2=" "><subfield code="a">&lt;A &gt;boa terrorista</subfield><subfield code="f">Doris Lessing</subfield><subfield code="g">trad. Bernardette Pinto Leite</subfield></datafield><datafield tag="210" ind1=" " ind2=" "><subfield code="a">Mem Martins</subfield><subfield code="c">Europa-América</subfield><subfield code="d">D.L. 1988</subfield></datafield><datafield tag="215" ind1=" " ind2=" "><subfield code="a">323, [1] p.</subfield><subfield code="d">21 cm</subfield></datafield><datafield tag="225" ind1="2" ind2=" "><subfield code="a">Século XX</subfield><subfield code="v">299</subfield></datafield><datafield tag="304" ind1=" " ind2=" "><subfield code="a">Tít. orig. : The good terrorist</subfield></datafield><datafield tag="675" ind1=" " ind2=" "><subfield code="a">820.31 Lessing, Doris</subfield><subfield code="v">BN</subfield><subfield code="z">por</subfield></datafield><datafield tag="700" ind1=" " ind2="1"><subfield code="a">Lessing</subfield><subfield code="b">Doris</subfield><subfield code="f">1919-</subfield></datafield><datafield tag="702" ind1=" " ind2="1"><subfield code="a">Leite</subfield><subfield code="b">Bernardete Pinto</subfield><subfield code="4">730</subfield></datafield><datafield tag="801" ind1=" " ind2="0"><subfield code="a">PT</subfield><subfield code="b">Biblioteca Municipal de Montalegre</subfield><subfield code="g">RPC</subfield></datafield><datafield tag="856" ind1=" " ind2=" "><subfield code="u">locateMedia.asp?cod=20060622162310&amp;ext=jpg</subfield><subfield code="z">CAPA</subfield></datafield><datafield tag="909" ind1="&#9;" ind2=" "><subfield code="a">1</subfield></datafield><datafield tag="966" ind1=" " ind2=" "><subfield code="a">0008986</subfield><subfield code="l">BMM</subfield><subfield code="s">SCG 821 LES boa 299</subfield></datafield></record></collection>